<?xml version = "1.0" encoding = "UTF-8"?><OAI-PMH xmlns="http://www.openarchives.org/OAI/2.0/" xmlns:xsi="http://www.w3.org/2001/XMLSchema-instance" xsi:schemaLocation="http://www.openarchives.org/OAI/2.0/ http://www.openarchives.org/OAI/2.0/OAI-PMH.xsd"><ListRecords><record><header><identifier>aleph-publish:004821830</identifier></header><metadata><record xmlns="http://www.ddb.de/professionell/mabxml/mabxml-1.xsd"><leader>00443vM2.01200024------h</leader><controlfield tag="LDR">00443vM2.01200024------h</controlfield><controlfield tag="FMT">MH</controlfield><datafield tag="001" ind1="-" ind2="1"><subfield code="a">HT001405563</subfield></datafield><datafield tag="002" ind1="a" ind2="1"><subfield code="a">19960830</subfield></datafield><datafield tag="003" ind1="-" ind2="1"><subfield code="a">20130909</subfield></datafield><datafield tag="026" ind1="-" ind2="1"><subfield code="a">HBZHT001405563</subfield></datafield><controlfield tag="030">a|1uc||||||37</controlfield><datafield tag="036" ind1="a" ind2="1"><subfield code="a">DE</subfield></datafield><datafield tag="037" ind1="b" ind2="1"><subfield code="a">ger</subfield></datafield><controlfield tag="050">a|||||||||||||</controlfield><controlfield tag="051">nf||||||</controlfield><datafield tag="070" ind1="-" ind2="1"><subfield code="a">929</subfield></datafield><datafield tag="070" ind1="b" ind2="1"><subfield code="a">51</subfield></datafield><datafield tag="080" ind1="-" ind2="1"><subfield code="a">60</subfield></datafield><datafield tag="100" ind1="f" ind2="1"><subfield code="p">Wesenberg, Rudolf</subfield><subfield code="d">1910-1974</subfield><subfield code="9">(DE-588)123578957</subfield></datafield><datafield tag="104" ind1="f" ind2="1"><subfield code="p">Verbeek, Albert</subfield><subfield code="d">1909-1984</subfield><subfield code="9">(DE-588)124928544</subfield></datafield><datafield tag="331" ind1="-" ind2="1"><subfield code="a">Beiträge zur rheinischen Kunstgeschichte und Denkmalpflege</subfield></datafield><datafield tag="410" ind1="-" ind2="1"><subfield code="a">Düsseldorf</subfield></datafield><datafield tag="412" ind1="-" ind2="1"><subfield code="a">Rheinland-Verl.</subfield></datafield><datafield tag="425" ind1="b" ind2="1"><subfield code="a">1970</subfield></datafield><datafield tag="451" ind1="-" ind2="1"><subfield code="a">&lt;&lt;Die&gt;&gt; Kunstdenkmäler des Rheinlandes : Beiheft ; ...</subfield></datafield><datafield tag="511" ind1="-" ind2="1"><subfield code="a">Bd. 2 im Verl. Schwann, Düsseldorf, erschienen</subfield></datafield><datafield tag="523" ind1="-" ind2="1"><subfield code="p">Erschienen</subfield><subfield code="a">1 - 2</subfield></datafield><datafield tag="700" ind1="l" ind2="1"><subfield code="a">130</subfield></datafield><datafield tag="700" ind1="l" ind2="1"><subfield code="a">500</subfield></datafield><datafield tag="902" ind1="-" ind2="1"><subfield code="g">Rheinland</subfield><subfield code="9">(DE-588)4049788-4</subfield></datafield><datafield tag="902" ind1="-" ind2="1"><subfield code="s">Kunst</subfield><subfield code="9">(DE-588)4114333-4</subfield></datafield><datafield tag="902" ind1="-" ind2="1"><subfield code="f">Aufsatzsammlung</subfield></datafield><datafield tag="907" ind1="-" ind2="1"><subfield code="g">Rheinland</subfield><subfield code="9">(DE-588)4049788-4</subfield></datafield><datafield tag="907" ind1="-" ind2="1"><subfield code="s">Architektur</subfield><subfield code="9">(DE-588)4002851-3</subfield></datafield><datafield tag="907" ind1="-" ind2="1"><subfield code="f">Aufsatzsammlung</subfield></datafield><datafield tag="908" ind1="-" ind2="1"><subfield code="a">213</subfield></datafield><datafield tag="912" ind1="-" ind2="1"><subfield code="p">Verbeek, Albert</subfield><subfield code="d">1909-1984</subfield><subfield code="9">(DE-588)124928544</subfield></datafield><datafield tag="912" ind1="-" ind2="1"><subfield code="f">Bibliographie</subfield></datafield><controlfield tag="SYS">004821830</controlfield><datafield tag="LOW" ind1="-" ind2="1"><subfield code="a">A0001</subfield></datafield><datafield tag="LOW" ind1="-" ind2="1"><subfield code="a">K0001</subfield></datafield><datafield tag="LOW" ind1="-" ind2="1"><subfield code="a">K5001</subfield></datafield><datafield tag="LOW" ind1="-" ind2="1"><subfield code="a">L0001</subfield></datafield><datafield tag="LOW" ind1="-" ind2="1"><subfield code="a">M0001</subfield></datafield><datafield tag="LOW" ind1="-" ind2="1"><subfield code="a">Q0001</subfield></datafield><datafield tag="LOW" ind1="-" ind2="1"><subfield code="a">Q1142</subfield></datafield><datafield tag="LOW" ind1="-" ind2="1"><subfield code="a">R0001</subfield></datafield><datafield tag="LOW" ind1="-" ind2="1"><subfield code="a">U0001</subfield></datafield><datafield tag="LOW" ind1="-" ind2="1"><subfield code="a">X5001</subfield></datafield><datafield tag="LOW" ind1="-" ind2="1"><subfield code="a">R0003</subfield></datafield><datafield tag="LOW" ind1="-" ind2="1"><subfield code="a">J5005</subfield></datafield><datafield tag="LOW" ind1="-" ind2="1"><subfield code="a">K6001</subfield></datafield><datafield tag="LOW" ind1="-" ind2="1"><subfield code="a">X6001</subfield></datafield><datafield tag="LOW" ind1="-" ind2="1"><subfield code="a">R3001</subfield></datafield><datafield tag="LOW" ind1="-" ind2="1"><subfield code="a">B0001</subfield></datafield><datafield tag="LOW" ind1="-" ind2="1"><subfield code="a">B4018</subfield></datafield><datafield tag="LOW" ind1="-" ind2="1"><subfield code="a">Q1107</subfield></datafield><datafield tag="LOW" ind1="-" ind2="1"><subfield code="a">Z9035</subfield></datafield><datafield tag="952" ind1="-" ind2="1"><subfield code="g">Rheinlande</subfield><subfield code="h">im engeren Sinn</subfield></datafield><datafield tag="952" ind1="-" ind2="1"><subfield code="s">Bildende Kunst</subfield></datafield><datafield tag="952" ind1="-" ind2="1"><subfield code="s">Kunstdenkmal</subfield><subfield code="h">Kunst</subfield></datafield><datafield tag="957" ind1="-" ind2="1"><subfield code="g">Rheinlande</subfield><subfield code="h">im engeren Sinn</subfield></datafield><datafield tag="957" ind1="-" ind2="1"><subfield code="s">Baukunst</subfield></datafield><datafield tag="088" ind1=" " ind2=" "><subfield code="a">Sol 1</subfield><subfield code="c">GA 214</subfield><subfield code="e">keine ILL</subfield></datafield><datafield tag="088" ind1=" " ind2=" "><subfield code="a">61</subfield><subfield code="b">02</subfield><subfield code="c">kuno116.b423</subfield><subfield code="e">Keine Angabe</subfield></datafield><datafield tag="088" ind1=" " ind2=" "><subfield code="a">Kn 28</subfield><subfield code="b">MAG</subfield><subfield code="c">Ed 2481</subfield><subfield code="e">Normalausleihe</subfield></datafield><datafield tag="088" ind1=" " ind2=" "><subfield code="a">385</subfield><subfield code="e">Keine Angabe</subfield></datafield><datafield tag="088" ind1=" " ind2=" "><subfield code="a">Kn 3</subfield></datafield><datafield tag="088" ind1=" " ind2=" "><subfield code="a">294/30</subfield></datafield><datafield tag="088" ind1=" " ind2=" "><subfield code="a">465</subfield><subfield code="c">JXT644 &lt;&lt;Grundsignatur&gt;&gt;</subfield></datafield><datafield tag="088" ind1=" " ind2=" "><subfield code="a">468</subfield></datafield><datafield tag="088" ind1=" " ind2=" "><subfield code="a">5</subfield></datafield><datafield tag="088" ind1=" " ind2=" "><subfield code="a">6</subfield></datafield><datafield tag="088" ind1=" " ind2=" "><subfield code="a">82</subfield></datafield><datafield tag="088" ind1=" " ind2=" "><subfield code="a">929</subfield></datafield><datafield tag="088" ind1=" " ind2=" "><subfield code="a">832</subfield></datafield><datafield tag="088" ind1=" " ind2=" "><subfield code="a">290</subfield></datafield><datafield tag="088" ind1=" " ind2=" "><subfield code="a">121</subfield></datafield><datafield tag="088" ind1=" " ind2=" "><subfield code="a">Tr 2</subfield></datafield><datafield tag="088" ind1=" " ind2=" "><subfield code="a">Dü 62</subfield></datafield><datafield tag="088" ind1=" " ind2=" "><subfield code="a">5/39</subfield></datafield><datafield tag="088" ind1=" " ind2=" "><subfield code="a">38</subfield></datafield><datafield tag="088" ind1=" " ind2=" "><subfield code="a">51</subfield></datafield><datafield tag="088" ind1=" " ind2=" "><subfield code="a">5/7</subfield></datafield><datafield tag="088" ind1=" " ind2=" "><subfield code="a">107</subfield></datafield><datafield tag="088" ind1=" " ind2=" "><subfield code="a">Sie 5</subfield></datafield><datafield tag="088" ind1=" " ind2=" "><subfield code="a">Dü 18</subfield></datafield><datafield tag="088" ind1=" " ind2=" "><subfield code="a">386</subfield></datafield><datafield tag="088" ind1=" " ind2=" "><subfield code="a">294</subfield></datafield></record></metadata></record></ListRecords></OAI-PMH>